<?xml version="1.0" encoding="UTF-8"?><collection xmlns="http://www.loc.gov/MARC21/slim"><record><leader>00549nam--2200181-u-4500</leader><controlfield tag="001">000054157</controlfield><controlfield tag="002">20161230</controlfield><controlfield tag="005">20161230201051</controlfield><controlfield tag="008">110913s1000------------r-----000-0-ger-d</controlfield><datafield ind1=" " ind2=" " tag="040"><subfield code="a">IFIN-HH</subfield></datafield><datafield ind1=" " ind2=" " tag="041"><subfield code="a">ger</subfield></datafield><datafield ind1=" " ind2=" " tag="080"><subfield code="a">621.318.1</subfield></datafield><datafield ind1="1" ind2=" " tag="100"><subfield code="a">Gemund, Hans-peter</subfield></datafield><datafield ind1="1" ind2="0" tag="245"><subfield code="a">Elektronenmikroskopische untersuchungen zur dynamikmagnetischer bereichswande in oxidierten permalloy-schichten</subfield><subfield code="b">Dissertation</subfield><subfield code="c">Hans-peter gemund</subfield></datafield><datafield ind1=" " ind2=" " tag="260"><subfield code="a">Berlin</subfield><subfield code="b">Universitat</subfield><subfield code="c">1979</subfield></datafield><datafield ind1=" " ind2=" " tag="300"><subfield code="a">73P</subfield></datafield><datafield ind1=" " ind2=" " tag="852"><subfield code="a">48203</subfield><subfield code="c">537.533.35</subfield></datafield><datafield ind1=" " ind2=" " tag="CAT"><subfield code="a">Sys</subfield><subfield code="c">20110913</subfield><subfield code="h">140646</subfield></datafield></record></collection>